@article{BM02,
	author =       {A. Bemporad and M. Morari and V. Dua and E. N. Pistikopoulos},
	title     =       {The explicit linear quadratic regulator for constrained systems},
	journal =      {Automatica},
	volume =       {38},
	pages =        {3-20},
	year =         {2002}
}

@article{PK21,
	title = {Multiparametric Programming in Process Systems Engineering: Recent Developments and Path Forward},
	author = {Pappas, Iosif and Kenefake, Dustin and Burnak, Baris and Avraamidou, Styliani and Ganesh, Hari S. and Katz, Justin and Diangelakis, Nikolaos A. and Pistikopoulos, Efstratios N.},
	doi = {10.3389/fceng.2020.620168},
	journal = {Frontiers in Chemical Engineering},
	volume = 2,
	place = {Switzerland},
	year = {2021},
	month = {1}
} 

@article{KL11,
	title = {Stabilizing polynomial approximation of explicit MPC},
	journal = {Automatica},
	volume = {47},
	number = {10},
	pages = {2292-2297},
	year = {2011},
	issn = {0005-1098},
	doi = {https://doi.org/10.1016/j.automatica.2011.08.023},
	author = {Michal Kvasnica and Johan Löfberg and Miroslav Fikar}
}

@inproceedings{MPTplus,
	author = {J. Holaza and K. Kvasnicov\'{a} and E. Pavlovi\v{c}ov\'{a} and J. Oravec},
	title = {Tube MPC Extension of MPT: Experimental Analysis (accepted)},
	booktitle = {Proceedings of the 24th International Conference on Process Control},
	year = {2023},
	address = {{\v{S}}trbsk\'e Pleso, Slovakia},
	month = {June 6-9, 2023},
	publisher = {Slovak University of Technology in Bratislava}
} 

@inproceedings{CK19,
	author	=	{{\v{L}}. {\v{C}}irka and M. Kal\'uz and D. Dzurkov\'a and R. Valo},
	title	=	{Educational Device Flexy2 in the Teaching of Experimental Identication},
	booktitle	=	{Proceedings of the 22nd International Conference on Process Control},
	year	=	{2019},
	pages	=	{239-244},
	editor	=	{M. Fikar and M. Kvasnica},
	address	=	{{\v{S}}trbsk\'e Pleso, Slovakia},
	month	=	{June 11-14, 2019},
	organization	=	{Slovak University of Technology in Bratislava},
	publisher	=	{Slovak Chemical Library}
} 

@inproceedings{KC20,
	author	=	{M. Kal\'uz and {\v{L}}. {\v{C}}irka and M. Fikar},
	title	=	{{ELab}: A Lightweight {SCADA} System for Control Engineering Research and Education},
	booktitle	= {Preprints of the 21st IFAC World Congress (Virtual), Berlin, Germany, July 12-17, 2020},
	year	=	{2020},
	pages	=	{17469-17474},
	editor	=	{Rolf Findeisen and Sandra Hirche and Klaus Janschek and Martin M\"onnigmann},
	volume	=	{21}
} 

@inproceedings{WJ19,
	author	=	{K. Wang and Y. Jiang and J. Oravec and M. Villanueva and B. Houska},
	title	=	{Parallel Explicit Tube Model Predictive Control},
	booktitle	=	{58th IEEE Conference on Decision and Control},
	year	=	{2019},
	pages	=	{7696-7701},
	series	=	{58},
	address	=	{Nice, France},
	month	=	{December 11-13, 2019}
} 

@article{FS12,
	author = {M. Farina and R. Scattolini},
	title = {Tube-based robust sampled-data {MPC} for linear continuous-time systems},
	journal = {Automatica},
	volume = {48},
	number = {7},
	pages = {1473-1476},
	year = {2012},
	issn = {0005-1098},
	doi = {https://doi.org/10.1016/j.automatica.2012.03.026}
}

@article{LA10,
	author = {D. Limon and I. Alvarado and T. Alamo and E.F. Camacho},
	title = {Robust tube-based {MPC} for tracking of constrained linear systems with additive disturbances},
	journal = {Journal of Process Control},
	volume = {20},
	number = {3},
	pages = {248-260},
	year = {2010},
	issn = {0959-1524},
	doi = {https://doi.org/10.1016/j.jprocont.2009.11.007}
}\\

@article{ZT14,
	author = {M. Zhao and X. Tang},
	year = {2014},
	month = {03},
	pages = {1-14},
	title = {Robust Tube-Based {MPC} with Piecewise Affine Control Laws},
	volume = {2014},
	journal = {Abstract and Applied Analysis},
	doi = {10.1155/2014/358148}
}

@article{HF21,
	author = {Reza Heydari and Mohammad Farrokhi},
	title = {Robust tube-based model predictive control of {LPV} systems subject to adjustable additive disturbance set},
	journal = {Automatica},
	volume = {129},
	pages = {109672},
	year = {2021},
	issn = {0005-1098},
	doi = {https://doi.org/10.1016/j.automatica.2021.109672}
}

@book{B17,
	title={Constrained Optimal Control of Linear and Hybrid Systems},
	author={F. Borrelli},
	isbn={978-3-540-00257-4},
	year={2017},
	publisher={Springer Berlin Heidelberg},
	doi={10.1007/3-540-36225-8}
}

@InProceedings{BM99,
	author="A. Bemporad
	and M. Morari",
	editor="Garulli, A.
	and Tesi, A.",
	title="Robust model predictive control: A survey",
	booktitle="Robustness in identification and control",
	year="1999",
	publisher="Springer London",
	address="London",
	pages="207--226"
}

@article{QB03,
	author = {S.Joe Qin and Thomas A. Badgwell},
	title = {A survey of industrial model predictive control technology},
	journal = {Control Engineering Practice},
	volume = {11},
	number = {7},
	pages = {733-764},
	year = {2003},
	issn = {0967-0661},
	doi = {https://doi.org/10.1016/S0967-0661(02)00186-7}
}

@incollection{GB08,
	author    = {Michael Grant and Stephen Boyd},
	title     = {Graph implementations for nonsmooth convex programs},
	booktitle = {Recent Advances in Learning and Control},
	series    = {Lecture Notes in Control and Information Sciences},
	editor    = {V. Blondel and S. Boyd and H. Kimura},
	publisher = {Springer-Verlag Limited},
	pages     = {95--110},
	year      = 2008
}

@article{BC11,
	author =       {S.R. Becker and E.J. Candès and M.C. Grant},
	title     =       {Templates for convex cone problems with applications to sparse signal recovery},
	journal =      {Mathematical Programming Computation},
	volume =       {3},
	pages =        {1867-2957},
	year =         {2011},
	doi = {https://doi.org/10.1007/s12532-011-0029-5}
}

@article{MR06,
	author = {D.Q. Mayne and S.V. Raković and R. Findeisen and F. Allgöwer},
	title = {Robust output feedback model predictive control of constrained linear systems},
	journal = {Automatica},
	volume = {42},
	number = {7},
	pages = {1217-1222},
	year = {2006},
	issn = {0005-1098},
	doi = {https://doi.org/10.1016/j.automatica.2006.03.005}
}

@article{RM05,
	author = {S.V. Raković and D.Q. Mayne},
	title = {A simple tube controller for efficient robust model predictive control of constrained linear discrete time systems subject to bounded disturbances},
	journal = {IFAC Proceedings Volumes},
	volume = {38},
	number = {1},
	pages = {241-246},
	year = {2005},
	note = {16th IFAC World Congress},
	issn = {1474-6670},
	doi = {https://doi.org/10.3182/20050703-6-CZ-1902.00440}
}

@ARTICLE{DR18,
	author={Schulze Darup, Moritz and Redder, Adrian and Shames, Iman and Farokhi, Farhad and Quevedo, Daniel},
	journal={IEEE Control Systems Letters}, 
	title={Towards Encrypted {MPC} for Linear Constrained Systems}, 
	year={2018},
	volume={2},
	number={2},
	pages={195-200},
	doi={10.1109/LCSYS.2017.2779473}
}

@article{MS05,
	title = {Robust model predictive control of constrained linear systems with bounded disturbances},
	author = {D.Q. Mayne and M.M. Seron and S.V. Raković},
	journal = {Automatica},
	volume = {41},
	number = {2},
	pages = {219-224},
	year = {2005},
	issn = {0005-1098},
	doi = {https://doi.org/10.1016/j.automatica.2004.08.019}
}

@ARTICLE{RK05,
	author={Rakovic, S.V. and Kerrigan, E.C. and Kouramas, K.I. and Mayne, D.Q.},
	journal={IEEE Transactions on Automatic Control}, 
	title={Invariant approximations of the minimal robust positively Invariant set}, 
	year={2005},
	volume={50},
	number={3},
	pages={406-410},	
	doi={10.1109/TAC.2005.843854}
}


@INPROCEEDINGS{RL16,
	author={Raković, Sas̆a V. and Levine, William S. and Açikmese, Behçet},
	booktitle={2016 American Control Conference (ACC)}, 
	title={Elastic tube model predictive control}, 
	year={2016},
	volume={},
	number={},
	pages={3594-3599},	
	doi={10.1109/ACC.2016.7525471}
}


@article{RK12,
	author = {Saša V. Raković and Basil Kouvaritakis and Rolf Findeisen and Mark Cannon},
	title = {Homothetic tube model predictive control},
	journal = {Automatica},
	volume = {48},
	number = {8},
	pages = {1631-1638},
	year = {2012},
	issn = {0005-1098},
	doi = {https://doi.org/10.1016/j.automatica.2012.05.003}
}

@inproceedings{KH15,
	author	=	{M. Kvasnica and J. Holaza and B. Tak\'acs and D. Ingole},
	title	=	{Design and Verification of Low-Complexity Explicit {MPC} Controllers in {MPT3}},
	booktitle	=	{European Control Conference 2015},
	year	=	{2015},
	pages	=	{2600-2605},
	address	=	{Linz, Austria}
} 

@inproceedings{KT15,
	author	=	{M. Kvasnica and B. Tak\'acs and J. Holaza and D. Ingole},
	title	=	{Reachability Analysis and Control Synthesis for Uncertain Linear Systems in {MPT}},
	booktitle	=	{Proceedings of the 8th IFAC Symposium on Robust Control Design},
	year	=	{2015},
	pages	=	{302-307},
	editor	=	{Fikar, M.},
	series	=	{8},
	address	=	{Bratislava, Slovak Republic},
	month	=	{July 8-11,},
	publisher	=	{Elsevier}
}

@article{EJ21,
	author={Alexander Engelmann and Yuning Jiang and Henrieke Benner and Ruchuan Ou and Boris Houska and Timm Faulwasser},
	title={{ALADIN}-$\alpha$--An open-source MATLAB toolbox for distributed non-convex optimization},
	journal={Optimal Control Applications and Methods},
	volume={43},
	number={1},
	pages={4--22},
	year={2021},
	publisher={Springer},
	doi={10.23919/ACC53348.2022.9867182}
}

@INPROCEEDINGS{HS22,
	author={Houska, Boris and Shi, Jiahe},
	booktitle={2022 American Control Conference (ACC)}, 
	title={Distributed {MPC} with {ALADIN}--A Tutorial}, 
	year={2022},
	volume={},
	number={},
	pages={358-363},	
	doi={10.23919/ACC53348.2022.9867182}
}


@INPROCEEDINGS{HPIPM,
	author={Frison, G. and Kufoalor, D. K. M. and Imsland, L. and Jørgensen, J. B.},
	booktitle={2014 IEEE Conference on Control Applications (CCA)}, 
	title={Efficient implementation of solvers for linear model predictive control on embedded devices}, 
	year={2014},
	volume={},
	number={},
	pages={1954-1959},
	doi={10.1109/CCA.2014.6981589}
}

@article{Ferreau2014,
	title={qp{OASES}: A parametric active-set algorithm for quadratic programming},
	author={H. J. Ferreau and C. Kirches and A. Potschka and H. G. Bock and M. Diehl},
	journal={Mathematical Programming Computation},
	volume={6},
	number={4},
	pages={327--363},
	year={2014},
	publisher={Springer}
}


@ARTICLE{qpDUNES,
	author = {J.V. Frasch and S. Sager and M. Diehl},
	title = {A parallel quadratic programming method for dynamic optimization problems},
	journal = {Mathematical Programming Computation},
	year = {2015},
	volume = {7},
	pages = {289--329}
}


@inproceedings{QPALM,
	title = {{QPALM}: A Newton-type Proximal Augmented Lagrangian Method for Quadratic Programs},
	author = {B. Hermans and A. Themelis and P. Patrinos},
	issn = {0743-1546},
	booktitle = {2019 IEEE Conference on Decision and Control (CDC)},
	pages = {4325--4330},
	publisher = {IEEE},
	year = {2019}
}

@article{OSQP,
	author  = {B. Stellato and G. Banjac and P. Goulart and A. Bemporad and S. Boyd},
	title   = {{OSQP}: an operator splitting solver for quadratic programs},
	journal = {Mathematical Programming Computation},
	volume  = {12},
	number  = {4},
	pages   = {637--672},
	year    = {2020},
	doi     = {10.1007/s12532-020-00179-2}
}

@inproceedings{KT15b,
	title={On Region-Free Explicit Model Predictive Control},
	author={Kvasnica, M. and Tak\'acs, B. and Holaza, J. and Di Cairano, S.},
	booktitle={Conference on Decision and Control (CDC)},
	pages={3669--3674},
	year={2015}
}


@article{KF18,
	author = {Dimitris Kouzoupis and Gianluca Frison and Andrea Zanelli and Moritz Diehl},
	title = {Recent Advances in Quadratic Programming Algorithms for Nonlinear Model Predictive Control},
	journal = {Vietnam J. Math},
	volume = {46},
	pages = {863-882},
	year = {2018},
	issn = {2305-2228},
	doi = {doi.org/10.1007/s10013-018-0311-1}
}

@article{LT17,
	author = {S. Lucia and A. T\"{a}tulea-Codrean and C. Schoppmeyer and S. Engell},
	title = {Rapid development of modular and sustainable nonlinear model predictive control solutions},
	journal = {Control Engineering Practice},
	volume = {60},
	pages = {51-62},
	year = {2017},
	issn = {0967-0661},
	doi = {https://doi.org/10.1016/j.conengprac.2016.12.009}
}

@article{MATMPC,
	author    = {Y. Chen and M. Bruschetta and E. Picotti and A. Beghi},
	title     = {{MATMPC} - {A} {MATLAB} Based Toolbox for Real-time Nonlinear Model
	Predictive Control},
	journal   = {CoRR},
	volume    = {abs/1811.08761},
	year      = {2018},
	url       = {http://arxiv.org/abs/1811.08761},
	archivePrefix = {arXiv},
	eprint    = {1811.08761},	
}

@Article{CasADi,
	author = {J.A.E. Andersson and J. Gillis and G. Horn and J.B. Rawlings and M. Diehl},
	title = {{CasADi} -- A software framework for nonlinear optimization and optimal control},
	journal = {Mathematical Programming Computation},
	volume = {11},
	number = {1},
	pages = {1--36},
	year = {2019},
	publisher = {Springer},
	doi = {10.1007/s12532-018-0139-4}
}

@ARTICLE{ACADO_Toolkit,
	author = {B. Houska and H.J. Ferreau and M. Diehl},
	title = {{ACADO} {T}oolkit -- An Open Source Framework for Automatic Control and Dynamic Optimization},
	journal = {Optimal Control Applications and Methods},
	year = {2011},
	volume = {32},
	pages = {298--312},
	number = {3}
}

@misc{MPC_toolbox,
	author = {MathWorks},
	title = {{MPC} {T}oolbox},
	year = {2021},
	note = {\url{https://www.mathworks.com/products/model-predictive-control.html}}
}

@misc{MATLAB,
	author = {MATHWORKS},
	title = {MATLAB},
	year = {2023},
	note = {\url{https://www.mathworks.com/products/matlab.html}}
}

@misc{PYTHON,
	author = {Python Software Foundation},
	title = {Python},
	year = {2023},
	note = {\url{https://www.python.org/}}
}

@misc{JULIA,
	author = { JuliaLang.org},
	title = {Julia},
	year = {2023},
	note = {\url{https://julialang.org/}}
}

@misc{TBXMANAGER,
	author = {Michal Kvasnica},
	title = {{tbxManager}},
	year = {2023},
	note = {\url{https://www.tbxmanager.com/}}
}

@inproceedings{L04,
	author = {J. L\"{o}fberg},
	title = {{YALMIP : A Toolbox for Modeling and Optimization in MATLAB}},
	booktitle = {Proc. of the CACSD Conf.},
	year = {2004},
	address = {Taipei, Taiwan},
	url = {http://users.isy.liu.se/johanl/yalmip}
}

@article{CVXGEN,
	title={{CVXGEN}: a code generator for embedded convex optimization},
	author={J. Mattingley and S. P. Boyd},
	journal={Optimization and Engineering},
	year={2012},
	volume={13},
	pages={1-27}
}

@inproceedings{MPT3,
	author   =  {Herceg, M. and Kvasnica, M. and Jones, C. and Morari, M.},
	title  =  {Multi-Parametric Toolbox 3.0},
	booktitle  =  {2013 European Control Conference},
	year   =  {2013},
	pages  =  {502-510}
}

@misc{CVX,
	author = {CVX Research, Inc.},
	title = {{CVX}: {MATLAB} Software for Disciplined Convex Programming, version 2.0},
	howpublished = {\url{http://cvxr.com/cvx}},
	month = aug,
	year = 2012
}

@article{BM02,
	author =       {A. Bemporad and M. Morari and V. Dua and E. N. Pistikopoulos},
	title     =       {The explicit linear quadratic regulator for constrained systems},
	journal =      {Automatica},
	volume =       {38},
	pages =        {3-20},
	year =         {2002}
}

@book{M00,
	author = {J. Maciejowski},
	title = {Predictive Control with Constraints},
	publisher = {Prentice Hall},
	year = {2000},
	address = {London}
} 

 @misc{armfield_2007, 
 	place={Ringwood}, 
 	title={Process Plant Trainer -- {PCT23MKII}}, 
 	publisher={Armfield Limited}, 
 	author={Armfield}, 
 	year={2007}} 

@article{flexy2,
title = {Flexy2: A Portable Laboratory Device for Control Engineering Education},
journal = {IFAC-PapersOnLine},
volume = {52},
number = {9},
pages = {42-47},
year = {2019},
note = {12th IFAC Symposium on Advances in Control Education ACE 2019},
issn = {2405-8963},
doi = {https://doi.org/10.1016/j.ifacol.2019.08.121},
url = {https://www.sciencedirect.com/science/article/pii/S2405896319304562},
author = {Martin Kalúz and Martin Klaučo and L’uboš Čirka and Miroslav Fikar}
}

@article{kvasnica_polynomial,
	title = {Stabilizing polynomial approximation of explicit MPC},
	journal = {Automatica},
	volume = {47},
	number = {10},
	pages = {2292-2297},
	year = {2011},
	issn = {0005-1098},
	doi = {https://doi.org/10.1016/j.automatica.2011.08.023},
	author = {M. Kvasnica and J. Löfberg and M. Fikar}
}

@book{tube_FCh,
author = {F. Christophersen},
year = {2007},
chapter = {10},
title = {Optimal Control of Constrained Piecewise Affine Systems},
journal = {Lecture Notes in Control and Information Sciences},
doi = {10.1007/978-3-540-72701-9},
publisher = {Springer Verlag}
}
